<?xml version="1.0" encoding="UTF-8"?><collection xmlns="http://www.loc.gov/MARC21/slim"><record><leader>00368nam--2200133-i-4500</leader><controlfield tag="001">000016710</controlfield><controlfield tag="002">20161230</controlfield><controlfield tag="005">20161230201031</controlfield><controlfield tag="008">060222s1000------------r-----000-0-eng-d</controlfield><datafield ind1=" " ind2=" " tag="080"><subfield code="a">681.3.06</subfield></datafield><datafield ind1=" " ind2=" " tag="100"><subfield code="a">Wolf, Douglas J</subfield></datafield><datafield ind1=" " ind2=" " tag="245"><subfield code="a">1-2-3r release 4 for windowstmm. self-teaching guide</subfield></datafield><datafield ind1=" " ind2=" " tag="260"><subfield code="a">New York, John Wiley And Sons, Inc., 1993. Xiv + 255 P</subfield></datafield><datafield ind1=" " ind2=" " tag="852"><subfield code="a">80858</subfield></datafield></record></collection>